<?xml version="1.0" encoding="UTF-8"?><collection xmlns="http://www.loc.gov/MARC21/slim"><record><leader>00421nam--2200157-i-4500</leader><controlfield tag="001">000013818</controlfield><controlfield tag="002">20161230</controlfield><controlfield tag="005">20170222150809</controlfield><controlfield tag="008">060222s1000------------r-----000-0-eng-d</controlfield><datafield ind1=" " ind2=" " tag="100"><subfield code="a">Brillouin, Leon</subfield></datafield><datafield ind1=" " ind2=" " tag="245"><subfield code="a">Les tenseurs en mecanique et en elasticite</subfield></datafield><datafield ind1=" " ind2=" " tag="260"><subfield code="a">Paris</subfield><subfield code="b">Masson Et C-ie</subfield><subfield code="c">1949</subfield></datafield><datafield ind1=" " ind2=" " tag="300"><subfield code="a">370 p</subfield></datafield><datafield ind1=" " ind2=" " tag="490"><subfield code="a">Cours de physique theoretique</subfield></datafield><datafield ind1=" " ind2=" " tag="852"><subfield code="a">10191</subfield><subfield code="c">512.972</subfield></datafield><datafield ind1=" " ind2=" " tag="CAT"><subfield code="a">SYS</subfield><subfield code="c">20170222</subfield><subfield code="h">150809</subfield></datafield></record></collection>